<?xml version="1.0" encoding="UTF-8"?><collection xmlns="http://www.loc.gov/MARC21/slim"><record><leader>00412nam--2200121-i-4500</leader><controlfield tag="001">000010017</controlfield><controlfield tag="002">20161230</controlfield><controlfield tag="005">20161230201028</controlfield><controlfield tag="008">060222s1000------------r-----000-0-eng-d</controlfield><datafield ind1=" " ind2=" " tag="080"><subfield code="a">016:666.3/7</subfield></datafield><datafield ind1=" " ind2=" " tag="245"><subfield code="a">Bibliography of the technical literature of the metals and ceramics division for the peri od 1948 through june 3o, l967. ornl-4270 /vol.1</subfield></datafield><datafield ind1=" " ind2=" " tag="260"><subfield code="a">Oak Ridge, Tennessee, Ornl,1968. X +259 P</subfield></datafield><datafield ind1=" " ind2=" " tag="852"><subfield code="a">D.1269</subfield></datafield></record></collection>